<?xml version="1.0" encoding="UTF-8"?>
<record xmlns="http://www.loc.gov/MARC21/slim">
   <leader>03549cam a2200469 a 4500</leader>
   <controlfield tag="001">1135623</controlfield>
   <controlfield tag="003">NjP</controlfield>
   <controlfield tag="005">20190705143354.0</controlfield>
   <controlfield tag="008">950615s1922    iq            000 0 ara d</controlfield>
   <datafield tag="024" ind1="7" ind2=" ">
      <subfield code="a">princeton_aco003957</subfield>
      <subfield code="2">local</subfield>
   </datafield>
   <datafield ind1=" " ind2=" " tag="040">
      <subfield code="a">NjP</subfield>
      <subfield code="c">PUL</subfield>
      <subfield code="d">PUL</subfield>
   </datafield>
   <datafield ind1=" " ind2=" " tag="035">
      <subfield code="a">(CStRLIN)NJPG95-B37201</subfield>
   </datafield>
   <datafield ind1=" " ind2=" " tag="035">
      <subfield code="9">CCN3133TS</subfield>
   </datafield>
   <datafield ind1=" " ind2=" " tag="035">
      <subfield code="a">(NjP)1135623</subfield>
   </datafield>
   <datafield ind1=" " ind2=" " tag="049">
      <subfield code="a">PULL</subfield>
   </datafield>
   <datafield ind1=" " ind2=" " tag="035">
      <subfield code="a">(OCoLC)ocm36849290</subfield>
   </datafield>
   <datafield ind1="1" ind2=" " tag="100">
      <subfield code="6">880-01</subfield>
      <subfield code="a">Māmaqānī, ʻAbd Allāh.</subfield>
   </datafield>
   <datafield ind1="1" ind2="0" tag="240">
      <subfield code="6">880-02</subfield>
      <subfield code="a">Wasīlat al-tuqá fī ḥawāshī al-ʻUrwah al-wuthqá</subfield>
   </datafield>
   <datafield ind1="1" ind2="0" tag="245">
      <subfield code="6">880-03</subfield>
      <subfield code="a">Hādhihi Risālat Wasīlat al-tuqá fī ḥawāshī al-ʻUrwah al-wuthqá /</subfield>
      <subfield code="c">li-ʻAbd Allāh al-Gharawī al-Māmaqānī.</subfield>
   </datafield>
   <datafield ind1="3" ind2=" " tag="246">
      <subfield code="6">880-04</subfield>
      <subfield code="a">Risālat Wasīlat al-tuqá fī ḥawāshī al-ʻUrwah al-wuthqá</subfield>
   </datafield>
   <datafield ind1=" " ind2=" " tag="260">
      <subfield code="6">880-05</subfield>
      <subfield code="a">[al-Najaf] :</subfield>
      <subfield code="b">Maṭbaʻat al-Murtaḍawīyah,</subfield>
      <subfield code="c">[1922?]</subfield>
   </datafield>
   <datafield ind1=" " ind2=" " tag="300">
      <subfield code="a">66 p. ;</subfield>
      <subfield code="c">26 cm.</subfield>
   </datafield>
   <datafield ind1=" " ind2=" " tag="590">
      <subfield code="6">880-06</subfield>
      <subfield code="a">Princeton copy bound with: Hādhā Kitāb Makhzan al-laʼālī fī furūʻ al-ʻilm al-ijmālī / ʻAbd Allah al-Māmaqānī. al-Najaf : al-Maṭbaʻah al-Mubārakah al-Murtaḍawīyah, 1341 [1922]. Risālah-ʼi sharīfah-i Muntakhab al-rasāʼil / ʻAbd Allāh al-Gharawī al-Māmaqānī. al-Najaf : Maṭbaʻat al-Ḥaydarīyah, 1340 [1921 or 1922].</subfield>
   </datafield>
   <datafield ind1=" " ind2=" " tag="590">
      <subfield code="a">Princeton copy bound with: Hādhā Kitāb Makhzan al-laʼālī fī furūʻ al-ʻilm al-ijmālī / ʻAbd Allah al-Māmaqānī. al-Najaf : al-Maṭbaʻah al-Mubārakah al-Murtaḍawīyah, 1341 [1922]. Risālah-ʼi sharīfah-i Muntakhab al-rasāʼil / ʻAbd Allāh al-Gharawī al-Māmaqānī. al-Najaf : Maṭbaʻat al-Ḥaydarīyah, 1340 [1921 or 1922].</subfield>
   </datafield>
   <datafield ind1="1" ind2="0" tag="600">
      <subfield code="6">880-07</subfield>
      <subfield code="a">Ṭabāṭabāʼī al-Yazdī, Muḥammad Kāẓim,</subfield>
      <subfield code="d">-1919.</subfield>
      <subfield code="t">ʻUrwah al-wuthqá.</subfield>
   </datafield>
   <datafield ind1=" " ind2="0" tag="650">
      <subfield code="a">Islam</subfield>
      <subfield code="x">Customs and practices.</subfield>
      <subfield code="0">http://id.loc.gov/authorities/subjects/sh87005732</subfield>
   </datafield>
   <datafield ind1=" " ind2="0" tag="650">
      <subfield code="a">Islamic law</subfield>
      <subfield code="x">Interpretation and construction.</subfield>
      <subfield code="0">http://id.loc.gov/authorities/subjects/sh85068455</subfield>
   </datafield>
   <datafield ind1=" " ind2="0" tag="650">
      <subfield code="a">Islam</subfield>
      <subfield code="x">Doctrines.</subfield>
      <subfield code="0">http://id.loc.gov/authorities/subjects/sh85068396</subfield>
   </datafield>
   <datafield ind1="1" ind2="2" tag="700">
      <subfield code="6">880-08</subfield>
      <subfield code="a">Ṭabāṭabāʼī al-Yazdī, Muḥammad Kāẓim,</subfield>
      <subfield code="d">-1919.</subfield>
      <subfield code="t">ʻUrwah al-wuthqá.</subfield>
      <subfield code="0">http://id.loc.gov/authorities/names/n86099941</subfield>
   </datafield>
   <datafield ind1="1" ind2=" " tag="880">
      <subfield code="6">100-01/r</subfield>
      <subfield code="a">مامقاني، عبد الله.</subfield>
   </datafield>
   <datafield ind1="1" ind2="0" tag="880">
      <subfield code="6">240-02/r</subfield>
      <subfield code="a">وسيلة التقى في حواشي العروة الوثقى</subfield>
   </datafield>
   <datafield ind1="1" ind2="0" tag="880">
      <subfield code="6">245-03/r</subfield>
      <subfield code="a">هذه رسالة وسيلة التقى في حواشي العروة الوثقى /</subfield>
      <subfield code="c">لعبد الله الغروي المامقاني.</subfield>
   </datafield>
   <datafield ind1="3" ind2=" " tag="880">
      <subfield code="6">246-04/r</subfield>
      <subfield code="a">رسالة وسيلة التقى في حواشي العروة الوثقى</subfield>
   </datafield>
   <datafield ind1=" " ind2=" " tag="880">
      <subfield code="6">260-05/r</subfield>
      <subfield code="a">[النجف] :</subfield>
      <subfield code="b">مطبعة المرتضوية،</subfield>
      <subfield code="c">[1922؟]</subfield>
   </datafield>
   <datafield ind1=" " ind2=" " tag="880">
      <subfield code="6">590-06/r</subfield>
      <subfield code="a">Princeton copy bound with: هذا كتاب مخزن اللأالي في فروع العلم الاجمالي / عبد الله المامقاني. النجف : المطبعة المباركة المرتضوية، 1341 [1922]. رسالهئ شريفها منتخب الرسائل / عبد الله الغروي المامقاني. النجف : مطبعة الحيدرية، 1340 [1921 or 1922].</subfield>
   </datafield>
   <datafield ind1="1" ind2="4" tag="880">
      <subfield code="6">600-07/r</subfield>
      <subfield code="a">طباطبائي اليزدي، محمد كاظم،</subfield>
      <subfield code="d">-1919.</subfield>
      <subfield code="t">عروة الوثقى.</subfield>
   </datafield>
   <datafield ind1="1" ind2="2" tag="880">
      <subfield code="6">700-08/r</subfield>
      <subfield code="a">طباطبائي اليزدي، محمد كاظم،</subfield>
      <subfield code="d">-1919.</subfield>
      <subfield code="t">عروة الوثقى.</subfield>
   </datafield>
   <datafield ind1=" " ind2=" " tag="998">
      <subfield code="a">04/23/97</subfield>
      <subfield code="s">9114</subfield>
      <subfield code="n">NjP</subfield>
      <subfield code="w">NJPG95B37201</subfield>
      <subfield code="d">06/15/95</subfield>
      <subfield code="c">AAH</subfield>
      <subfield code="b">KC</subfield>
      <subfield code="i">970423</subfield>
      <subfield code="l">NJPG</subfield>
   </datafield>
   <datafield ind1=" " ind2=" " tag="948">
      <subfield code="a">BW 1</subfield>
   </datafield>
   <datafield ind1=" " ind2=" " tag="911">
      <subfield code="a">19970508</subfield>
   </datafield>
   <datafield ind1=" " ind2=" " tag="912">
      <subfield code="a">19970423000000.0</subfield>
   </datafield>
   <datafield ind1=" " ind2=" " tag="994">
      <subfield code="a">C0</subfield>
      <subfield code="b">PUL</subfield>
   </datafield>
   <datafield ind1=" " ind2=" " tag="999">
      <subfield code="a">1135623</subfield>
   </datafield>
   <datafield ind1=" " ind2=" " tag="979">
      <subfield code="a">(OCoLC)ocn176681119</subfield>
   </datafield>
   <datafield ind1="0" ind2="0" tag="852">
      <subfield code="0">1302415</subfield>
      <subfield code="b">rcppa</subfield>
      <subfield code="t">1</subfield>
      <subfield code="h">BP174.T323</subfield>
      <subfield code="i">M353 1922</subfield>
      <subfield code="x">tr fr nec</subfield>
   </datafield>
   <datafield ind1=" " ind2=" " tag="959">
      <subfield code="a">2000-06-13 00:00:00 -0400</subfield>
   </datafield>
</record>
